% repository of tex-bib references
